@misc{BotnanCrawley_2018,
  doi       = {10.48550/ARXIV.1811.08946},
  url       = {https://arxiv.org/abs/1811.08946},
  author    = {Botnan, Magnus Bakke and Crawley-Boevey, William},
  keywords  = {Representation Theory (math.RT), Algebraic Topology (math.AT), FOS: Mathematics, FOS: Mathematics},
  title     = {Decomposition of persistence modules},
  publisher = {arXiv},
  year      = {2018},
  copyright = {arXiv.org perpetual, non-exclusive license}
}

@article{gunnar_2007,
  author  = {Carlsson, Gunnar and Zomorodian, Afra},
  year    = {2007},
  month   = {06},
  pages   = {71-93},
  title   = {The Theory of Multidimensional Persistence},
  volume  = {42},
  journal = {Discrete and Computational Geometry},
  doi     = {10.1007/s00454-009-9176-0}
}

@misc{pepijn_2022,
  author = {Hoefgeest, Pepijn Roos},
  title  = {An Introduction to Persistent Homology},
  year   = {2022},
  month  = {06}
}

@misc{botnanLesnick_2022,
  doi       = {10.48550/ARXIV.2203.14289},
  url       = {https://arxiv.org/abs/2203.14289},
  author    = {Botnan, Magnus Bakke and Lesnick, Michael},
  keywords  = {Algebraic Topology (math.AT), Computational Geometry (cs.CG), Representation Theory (math.RT), FOS: Mathematics, FOS: Mathematics, FOS: Computer and information sciences, FOS: Computer and information sciences},
  title     = {An Introduction to Multiparameter Persistence},
  publisher = {arXiv},
  year      = {2022},
  copyright = {Creative Commons Attribution 4.0 International}
}