@misc{crawley-boevey_2017,
  title  = {Re: Decomposition of higher dimensional persistence modules},
  author = {Crawley-Boevey, William},
  year   = {2017},
  month  = {Sep}
} 

@book{facchini_1998,
  place     = {Basel},
  title     = {Module theory: Endomorphism rings and direct sum decompositions in some classes of modules},
  publisher = {Springer Basel},
  author    = {Facchini, Alberto},
  year      = {1998}
} 

@book{jensen_lenzing_1989,
  title     = {Model theoretic algebra: With particular emphasis on fields, rings, modules},
  publisher = {Gordon and Breach Science Publishers},
  author    = {Jensen, Christian U. and Lenzing, Helmut},
  year      = {1989}
} 

@book{maclane_1978,
  edition   = {second},
  title     = {Categories for the Working Mathematician},
  publisher = {Springer-Verlag},
  author    = {MacLane, Saunders},
  year      = {1978}
}

@book{lang_2002,
  place     = {New York},
  edition   = {3rd},
  title     = {Algebra},
  publisher = {Springer-Verlag},
  author    = {Lang, Serge},
  year      = {2002}
}

@book{leinster_2014,
  place     = {Cambridge},
  title     = {Basic category theory},
  publisher = {Cambridge University Press},
  author    = {Leinster, Tom},
  year      = {2014}
}

@book{oudot_2015,
  title     = { Persistence Theory: From Quiver Representations to Data Analysis},
  publisher = {American Mathematical Society},
  author    = {Oudot, Steve Y.},
  year      = {2015}
}

@book{schiffler_2014,
  title     = {Quiver representations},
  publisher = {Springer},
  author    = {Schiffler, Ralf},
  year      = {2014}
}

@misc{BotnanCrawley_2018,
  doi       = {10.48550/arxiv.1811.08946},
  url       = {https://arxiv.org/abs/1811.08946},
  author    = {Botnan, Magnus Bakke and Crawley-Boevey, William},
  keywords  = {Representation Theory (math.RT), Algebraic Topology (math.AT), FOS: Mathematics, FOS: Mathematics},
  title     = {Decomposition of persistence modules},
  publisher = {arXiv},
  year      = {2018},
  copyright = {arXiv.org perpetual, non-exclusive license}
}

@book{axler_2015,
  edition   = {Third},
  title     = {Linear algebra done right},
  publisher = {Springer},
  author    = {Axler, Sheldon},
  year      = {2015}
}

@inbook{popescu_1973,
  series     = {L.M.S Monographs},
  title      = {The Krull-Remak-Schmidt Theorem and Decomposition Theories},
  booktitle  = {Abelian categories with applications to rings and modules},
  publisher  = {Academic Press Inc.},
  author     = {Popescu, N.},
  year       = {1973},
  pages      = {316-401},
  collection = {L.M.S Monographs}
}

@misc{botnanLesnick_2022,
  doi       = {10.48550/ARXIV.2203.14289},
  url       = {https://arxiv.org/abs/2203.14289},
  author    = {Botnan, Magnus Bakke and Lesnick, Michael},
  keywords  = {Algebraic Topology (math.AT), Computational Geometry (cs.CG), Representation Theory (math.RT), FOS: Mathematics, FOS: Mathematics, FOS: Computer and information sciences, FOS: Computer and information sciences},
  title     = {An Introduction to Multiparameter Persistence},
  publisher = {arXiv},
  year      = {2022},
  copyright = {Creative Commons Attribution 4.0 International}
}

@book{assemSkowronskiSimson_2006,
  title     = {Elements of the Representation Theory of Associative Algebras: Volume 1: Techniques of Representation Theory},
  author    = {Ibrahim Assem, Andrzej Skowronski, Daniel Simson},
  publisher = {Cambridge University Press},
  isbn      = {0521586313,9780521584234,9780511345456,0511345453,052158423X,9780521586313},
  year      = {2006},
  series    = {London Mathematical Society Student Texts},
  edition   = {},
  volume    = {},
}

@book{rabadanBlumberg_2019,
  place     = {Cambridge},
  title     = {Topological Data Analysis for Genomics and Evolution: Topology in Biology},
  doi       = {10.1017/9781316671665},
  publisher = {Cambridge University Press},
  author    = {Rabadan, Raul and Blumberg, Andrew J.},
  year      = {2019}
}

 @misc{giuntiLazovskis,
  title   = {TDA-Applications},
  url     = {https://www.zotero.org/groups/2425412/tda-applications},
  journal = {Zotero},
  author  = {Giunti, Barbara and Lazovskis J\=anis}
} 

@book{deyWang_2022,
  place     = {Cambridge},
  title     = {Computational Topology for Data Analysis},
  doi       = {10.1017/9781009099950},
  publisher = {Cambridge University Press},
  author    = {Dey, Tamal Krishna and Wang, Yusu},
  year      = {2022}
}

@misc{BulmbergEtal_2012,
  doi       = {10.48550/ARXIV.1206.4581},
  url       = {https://arxiv.org/abs/1206.4581},
  author    = {Blumberg, Andrew J. and Gal, Itamar and Mandell, Michael A. and Pancia, Matthew},
  keywords  = {Computational Geometry (cs.CG), FOS: Computer and information sciences, FOS: Computer and information sciences},
  title     = {Robust statistics, hypothesis testing, and confidence intervals for persistent homology on metric measure spaces},
  publisher = {arXiv},
  year      = {2012},
  copyright = {arXiv.org perpetual, non-exclusive license}
}

@article{gunnarAfra_2007,
  author  = {Carlsson, Gunnar and Zomorodian, Afra},
  year    = {2007},
  month   = {06},
  pages   = {71-93},
  title   = {The Theory of Multidimensional Persistence},
  volume  = {42},
  journal = {Discrete and Computational Geometry},
  doi     = {10.1007/s00454-009-9176-0}
}

@misc{nlab:closed_monoidal_category,
  author = {{nLab authors}},
  title  = {closed monoidal category},
  url    = {http://ncatlab.org/nlab/show/closed%20monoidal%20category},
  month  = jun,
  year   = 2022
}

@article{carlsson_2009,
  author  = {Carlsson, Gunnar},
  year    = {2009},
  month   = {04},
  pages   = {255-308},
  title   = {Topology and Data},
  volume  = {46},
  journal = {Bulletin of The American Mathematical Society - BULL AMER MATH SOC},
  doi     = {10.1090/S0273-0979-09-01249-X}
}

@article{hensel_2021,
  author = {Hensel, Felix and Moor, Michael and Rieck, Bastian},
  year = {2021},
  month = {05},
  pages = {681108},
  title = {A Survey of Topological Machine Learning Methods},
  volume = {4},
  journal = {Frontiers in Artificial Intelligence},
  doi = {10.3389/frai.2021.681108}
}

@misc{lesnickWright_2015,
  doi = {10.48550/ARXIV.1512.00180},
  url = {https://arxiv.org/abs/1512.00180},
  author = {Lesnick, Michael and Wright, Matthew},
  keywords = {Algebraic Topology (math.AT), Computational Geometry (cs.CG), Commutative Algebra (math.AC), FOS: Mathematics, FOS: Mathematics, FOS: Computer and information sciences, FOS: Computer and information sciences},
  title = {Interactive Visualization of 2-D Persistence Modules},
  publisher = {arXiv},
  year = {2015},
  copyright = {arXiv.org perpetual, non-exclusive license}
}

@misc{botnan_2021,
  doi = {10.48550/ARXIV.2107.06800},
  url = {https://arxiv.org/abs/2107.06800},
  author = {Botnan, Magnus Bakke and Oppermann, Steffen and Oudot, Steve},
  keywords = {Algebraic Topology (math.AT), Computational Geometry (cs.CG), Representation Theory (math.RT), FOS: Mathematics, FOS: Mathematics, FOS: Computer and information sciences, FOS: Computer and information sciences},
  title = {Signed Barcodes for Multi-Parameter Persistence via Rank Decompositions and Rank-Exact Resolutions},
  publisher = {arXiv},
  year = {2021},
  copyright = {arXiv.org perpetual, non-exclusive license}
}

@misc{botnan_2015,
  doi = {10.48550/ARXIV.1507.01899},
  url = {https://arxiv.org/abs/1507.01899},
  author = {Botnan, Magnus Bakke},
  keywords = {Representation Theory (math.RT), Algebraic Topology (math.AT), FOS: Mathematics, FOS: Mathematics},
  title = {Interval Decomposition of Infinite Zigzag Persistence Modules},
  publisher = {arXiv},
  year = {2015},
  copyright = {arXiv.org perpetual, non-exclusive license}
}

@misc{deyXin_2019,
  doi = {10.48550/ARXIV.1904.03766},
  
  url = {https://arxiv.org/abs/1904.03766},
  
  author = {Dey, Tamal K. and Xin, Cheng},
  
  keywords = {Algebraic Topology (math.AT), Computational Geometry (cs.CG), FOS: Mathematics, FOS: Mathematics, FOS: Computer and information sciences, FOS: Computer and information sciences},
  
  title = {Generalized Persistence Algorithm for Decomposing Multi-parameter Persistence Modules},
  
  publisher = {arXiv},
  
  year = {2019},
  
  copyright = {arXiv.org perpetual, non-exclusive license}
}

@misc{chazalSilva_2012,
  doi = {10.48550/ARXIV.1207.3674},
  
  url = {https://arxiv.org/abs/1207.3674},
  
  author = {Chazal, Frederic and de Silva, Vin and Glisse, Marc and Oudot, Steve},
  
  keywords = {Algebraic Topology (math.AT), Computational Geometry (cs.CG), Category Theory (math.CT), FOS: Mathematics, FOS: Mathematics, FOS: Computer and information sciences, FOS: Computer and information sciences},
  
  title = {The structure and stability of persistence modules},
  
  publisher = {arXiv},
  
  year = {2012},
  
  copyright = {arXiv.org perpetual, non-exclusive license}
}


